%% The Bibliography of the Literature Review


%% Read Sources
@article{aeberhard2012track,
	title={Track-to-track fusion with asynchronous sensors using information matrix fusion for surround environment perception},
	author={Aeberhard, Michael and Schlichtharle, Stefan and Kaempchen, Nico and Bertram, Torsten},
	journal={IEEE Transactions on Intelligent Transportation Systems},
	volume={13},
	number={4},
	pages={1717--1726},
	year={2012},
	publisher={IEEE}
}

@inproceedings{alahi2016social,
	title={Social lstm: Human trajectory prediction in crowded spaces},
	author={Alahi, Alexandre and Goel, Kratarth and Ramanathan, Vignesh and Robicquet, Alexandre and Fei-Fei, Li and Savarese, Silvio},
	booktitle={Proceedings of the IEEE conference on computer vision and pattern recognition},
	pages={961--971},
	year={2016}
}

@article{becker2018evaluation,
	title={An evaluation of trajectory prediction approaches and notes on the trajnet benchmark},
	author={Becker, Stefan and Hug, Ronny and H{\"u}bner, Wolfgang and Arens, Michael},
	journal={arXiv preprint arXiv:1805.07663},
	year={2018}
}

@inproceedings{cui2019multimodal,
	title={Multimodal trajectory predictions for autonomous driving using deep convolutional networks},
	author={Cui, Henggang and Radosavljevic, Vladan and Chou, Fang-Chieh and Lin, Tsung-Han and Nguyen, Thi and Huang, Tzu-Kuo and Schneider, Jeff and Djuric, Nemanja},
	booktitle={2019 International Conference on Robotics and Automation (ICRA)},
	pages={2090--2096},
	year={2019},
	organization={IEEE}
}

@inproceedings{das2020accurate,
	title={Accurate trajectory prediction in a smart building using recurrent neural networks},
	author={Das, Anooshmita and Kolvig-Raun, Emil Stubbe and Kj{\ae}rgaard, Mikkel Baun},
	booktitle={Adjunct Proceedings of the 2020 ACM International Joint Conference on Pervasive and Ubiquitous Computing and Proceedings of the 2020 ACM International Symposium on Wearable Computers},
	pages={619--628},
	year={2020}
}

@inproceedings{deo2018convolutional,
	title={Convolutional social pooling for vehicle trajectory prediction},
	author={Deo, Nachiket and Trivedi, Mohan M},
	booktitle={Proceedings of the IEEE Conference on Computer Vision and Pattern Recognition Workshops},
	pages={1468--1476},
	year={2018}
}


@inproceedings{djuric2020uncertainty,
	title={Uncertainty-aware short-term motion prediction of traffic actors for autonomous driving},
	author={Djuric, Nemanja and Radosavljevic, Vladan and Cui, Henggang and Nguyen, Thi and Chou, Fang-Chieh and Lin, Tsung-Han and Singh, Nitin and Schneider, Jeff},
	booktitle={The IEEE Winter Conference on Applications of Computer Vision},
	pages={2095--2104},
	year={2020}
}

@inproceedings{djuric2018motionpred,
	title={Motion prediction of traffic actors for autonomous driving using deep convolutional networks},
	author={Djuric, Nemanja and Radosavljevic, Vladan and Cui, Henggang and Nguyen, Thi and Chou, Fang-Chieh and Lin, Tsung-Han and Singh, Nitin and Schneider, Jeff},
	booktitle={arXiv preprint arXiv:1808.05819, 2}
	year={2018}
}

@inproceedings{fu2016using,
	title={Using LSTM and GRU neural network methods for traffic flow prediction},
	author={Fu, Rui and Zhang, Zuo and Li, Li},
	booktitle={2016 31st Youth Academic Annual Conference of Chinese Association of Automation (YAC)},
	pages={324--328},
	year={2016},
	organization={IEEE}
}

@phdthesis{hormann2020long,
	title={Long-Term Prediction using Grid Based Environment Models for Urban Autonomous Driving},
	author={H{\"o}rmann, Stefan},
	year={2020},
	school={Universit{\"a}t Ulm}
}

@article{huang2020lstm,
	title={An LSTM Approach to Temporal 3D Object Detection in LiDAR Point Clouds},
	author={Huang, Rui and Zhang, Wanyue and Kundu, Abhijit and Pantofaru, Caroline and Ross, David A and Funkhouser, Thomas and Fathi, Alireza},
	journal={arXiv preprint arXiv:2007.12392},
	year={2020}
}

@inproceedings{huang2019uncertainty,
	title={Uncertainty-aware driver trajectory prediction at urban intersections},
	author={Huang, Xin and McGill, Stephen G and Williams, Brian C and Fletcher, Luke and Rosman, Guy},
	booktitle={2019 International Conference on Robotics and Automation (ICRA)},
	pages={9718--9724},
	year={2019},
	organization={IEEE}
}

@inproceedings{kim2017probabilistic,
	title={Probabilistic vehicle trajectory prediction over occupancy grid map via recurrent neural network},
	author={Kim, ByeoungDo and Kang, Chang Mook and Kim, Jaekyum and Lee, Seung Hi and Chung, Chung Choo and Choi, Jun Won},
	booktitle={2017 IEEE 20th International Conference on Intelligent Transportation Systems (ITSC)},
	pages={399--404},
	year={2017},
	organization={IEEE}
}

@inproceedings{kooij2014context,
	title={Context-based pedestrian path prediction},
	author={Kooij, Julian Francisco Pieter and Schneider, Nicolas and Flohr, Fabian and Gavrila, Dariu M},
	booktitle={European Conference on Computer Vision},
	pages={618--633},
	year={2014},
	organization={Springer}
}

@article{li2020end,
	title={End-to-end contextual perception and prediction with interaction transformer},
	author={Li, Lingyun Luke and Yang, Bin and Liang, Ming and Zeng, Wenyuan and Ren, Mengye and Segal, Sean and Urtasun, Raquel},
	journal={arXiv preprint arXiv:2008.05927},
	year={2020}
}

@article{nuss2018random,
	title={A random finite set approach for dynamic occupancy grid maps with real-time application},
	author={Nuss, Dominik and Reuter, Stephan and Thom, Markus and Yuan, Ting and Krehl, Gunther and Maile, Michael and Gern, Axel and Dietmayer, Klaus},
	journal={The International Journal of Robotics Research},
	volume={37},
	number={8},
	pages={841--866},
	year={2018},
	publisher={SAGE Publications Sage UK: London, England}
}

@article{park2015simulation,
	title={A simulation based method for vehicle motion prediction},
	author={Park, Jae-Hyuck and Tai, Yu-Wing},
	journal={Computer Vision and Image Understanding},
	volume={136},
	pages={79--91},
	year={2015},
	publisher={Elsevier}
}

@inproceedings{park2018sequence,
	title={Sequence-to-sequence prediction of vehicle trajectory via LSTM encoder-decoder architecture},
	author={Park, Seong Hyeon and Kim, ByeongDo and Kang, Chang Mook and Chung, Chung Choo and Choi, Jun Won},
	booktitle={2018 IEEE Intelligent Vehicles Symposium (IV)},
	pages={1672--1678},
	year={2018},
	organization={IEEE}
}

@inproceedings{pool2017using,
	title={Using road topology to improve cyclist path prediction},
	author={Pool, Ewoud AI and Kooij, Julian FP and Gavrila, Dariu M},
	booktitle={2017 IEEE Intelligent Vehicles Symposium (IV)},
	pages={289--296},
	year={2017},
	organization={IEEE}
}

@article{steyer2019grid,
	title={Grid-based object tracking with nonlinear dynamic state and shape estimation},
	author={Steyer, Sascha and Lenk, Christian and Kellner, Dominik and Tanzmeister, Georg and Wollherr, Dirk},
	journal={IEEE Transactions on Intelligent Transportation Systems},
	year={2019},
	publisher={IEEE}
}

@inproceedings{tang2019multiple,
	title={Multiple futures prediction},
	author={Tang, Charlie and Salakhutdinov, Russ R},
	booktitle={Advances in Neural Information Processing Systems},
	pages={15424--15434},
	year={2019}
}

@article{varshneya2017human,
	title={Human trajectory prediction using spatially aware deep attention models},
	author={Varshneya, Daksh and Srinivasaraghavan, G},
	journal={arXiv preprint arXiv:1705.09436},
	year={2017}
}

@inproceedings{lee2017desire,
	title={Desire: Distant future prediction in dynamic scenes with interacting agents},
	author={Lee, Namhoon and Choi, Wongun and Vernaza, Paul and Choy, Christopher B and Torr, Philip HS and Chandraker, Manmohan},
	booktitle={Proceedings of the IEEE Conference on Computer Vision and Pattern Recognition},
	pages={336--345},
	year={2017}
}

@inproceedings{ma2019trafficpredict,
	title={Trafficpredict: Trajectory prediction for heterogeneous traffic-agents},
	author={Ma, Yuexin and Zhu, Xinge and Zhang, Sibo and Yang, Ruigang and Wang, Wenping and Manocha, Dinesh},
	booktitle={Proceedings of the AAAI Conference on Artificial Intelligence},
	volume={33},
	pages={6120--6127},
	year={2019}
}

@inproceedings{streubel2014prediction,
	title={Prediction of driver intended path at intersections},
	author={Streubel, Thomas and Hoffmann, Karl Heinz},
	booktitle={2014 IEEE Intelligent Vehicles Symposium Proceedings},
	pages={134--139},
	year={2014},
	organization={IEEE}
}


@article{wang2007gaussian,
	title={Gaussian process dynamical models for human motion},
	author={Wang, Jack M and Fleet, David J and Hertzmann, Aaron},
	journal={IEEE transactions on pattern analysis and machine intelligence},
	volume={30},
	number={2},
	pages={283--298},
	year={2007},
	publisher={IEEE}
}

@article{zhang2019dive,
	title={Dive into deep learning},
	author={Zhang, Aston and Lipton, Zachary C and Li, Mu and Smola, Alexander J},
	journal={Unpublished Draft. Retrieved},
	volume={19},
	pages={2019},
	year={2019}
}

@inproceedings{gong2004methodology,
	title={A methodology for automated trajectory prediction analysis},
	author={Gong, Chester and McNally, Dave},
	booktitle={AIAA Guidance, Navigation, and Control Conference and Exhibit},
	pages={4788},
	year={2004}
}

@inproceedings{ziebart2008maximum,
	title={Maximum entropy inverse reinforcement learning.},
	author={Ziebart, Brian D and Maas, Andrew L and Bagnell, J Andrew and Dey, Anind K},
	booktitle={Aaai},
	volume={8},
	pages={1433--1438},
	year={2008},
	organization={Chicago, IL, USA}
}

@article{ohn2016looking,
	title={Looking at humans in the age of self-driving and highly automated vehicles},
	author={Ohn-Bar, Eshed and Trivedi, Mohan Manubhai},
	journal={IEEE Transactions on Intelligent Vehicles},
	volume={1},
	number={1},
	pages={90--104},
	year={2016},
	publisher={IEEE}
}

@inproceedings{cara2015classification,
	title={Classification for safety-critical car-cyclist scenarios using machine learning},
	author={Cara, Irene and de Gelder, Erwin},
	booktitle={2015 IEEE 18th International Conference on Intelligent Transportation Systems},
	pages={1995--2000},
	year={2015},
	organization={IEEE}
}

@inproceedings{okuda2014survey,
	title={A survey of technical trend of ADAS and autonomous driving},
	author={Okuda, Ryosuke and Kajiwara, Yuki and Terashima, Kazuaki},
	booktitle={Technical Papers of 2014 International Symposium on VLSI Design, Automation and Test},
	pages={1--4},
	year={2014},
	organization={IEEE}
}

@inproceedings{vademecumeu2018road,
	title={Road Safety in the European Union – Trends, statistics and main challenges},
	author={European Commission},
	month={April},
	year={2018},
	organization={European Commission}
}

@article{cui2019review,
	title={A review on safety failures, security attacks, and available countermeasures for autonomous vehicles},
	author={Cui, Jin and Liew, Lin Shen and Sabaliauskaite, Giedre and Zhou, Fengjun},
	journal={Ad Hoc Networks},
	volume={90},
	pages={101823},
	year={2019},
	publisher={Elsevier}
}

@article{chou2020predicting,
	title={Predicting motion of vulnerable road users using high-definition maps and efficient convnets},
	author={Chou, Fang-Chieh and Lin, Tsung-Han and Cui, Henggang and Radosavljevic, Vladan and Nguyen, Thi and Huang, Tzu-Kuo and Niedoba, Matthew and Schneider, Jeff and Djuric, Nemanja},
	journal={arXiv preprint arXiv:1906.08469v2},
	year={2020}
}

@online{eu2020website,
	author ={European Commission},
	title ={Intelligent transport systems - Road},
	url  = "https://ec.europa.eu/transport/themes/its/road_it",
	addendum = "(accessed: 11.11.2020)",
}

%% extra Table overview sources

@article{keller2013will,
	title={Will the pedestrian cross? a study on pedestrian path prediction},
	author={Keller, Christoph G and Gavrila, Dariu M},
	journal={IEEE Transactions on Intelligent Transportation Systems},
	volume={15},
	number={2},
	pages={494--506},
	year={2013},
	publisher={IEEE}
}

@inproceedings{lee2017desire,
	title={Desire: Distant future prediction in dynamic scenes with interacting agents},
	author={Lee, Namhoon and Choi, Wongun and Vernaza, Paul and Choy, Christopher B and Torr, Philip HS and Chandraker, Manmohan},
	booktitle={Proceedings of the IEEE Conference on Computer Vision and Pattern Recognition},
	pages={336--345},
	year={2017}
}

@article{huang2016deep,
	title={Deep learning driven visual path prediction from a single image},
	author={Huang, Siyu and Li, Xi and Zhang, Zhongfei and He, Zhouzhou and Wu, Fei and Liu, Wei and Tang, Jinhui and Zhuang, Yueting},
	journal={IEEE Transactions on Image Processing},
	volume={25},
	number={12},
	pages={5892--5904},
	year={2016},
	publisher={IEEE}
}

@inproceedings{quintero2014pedestrian,
	title={Pedestrian path prediction based on body language and action classification},
	author={Quintero, Ra{\'u}l and Parra, Ignacio and Llorca, David Fern{\'a}ndez and Sotelo, MA},
	booktitle={17th International IEEE Conference on Intelligent Transportation Systems (ITSC)},
	pages={679--684},
	year={2014},
	organization={IEEE}
}

@article{trautman2015robot,
	title={Robot navigation in dense human crowds: Statistical models and experimental studies of human--robot cooperation},
	author={Trautman, Pete and Ma, Jeremy and Murray, Richard M and Krause, Andreas},
	journal={The International Journal of Robotics Research},
	volume={34},
	number={3},
	pages={335--356},
	year={2015},
	publisher={SAGE Publications Sage UK: London, England}
}

@article{habibi2018context,
	title={Context-aware pedestrian motion prediction in urban intersections},
	author={Habibi, Golnaz and Jaipuria, Nikita and How, Jonathan P},
	journal={arXiv preprint arXiv:1806.09453},
	year={2018}
}

@inproceedings{ziebart2009planning,
	title={Planning-based prediction for pedestrians},
	author={Ziebart, Brian D and Ratliff, Nathan and Gallagher, Garratt and Mertz, Christoph and Peterson, Kevin and Bagnell, J Andrew and Hebert, Martial and Dey, Anind K and Srinivasa, Siddhartha},
	booktitle={2009 IEEE/RSJ International Conference on Intelligent Robots and Systems},
	pages={3931--3936},
	year={2009},
	organization={IEEE}
}

@inproceedings{gupta2018social,
	title={Social gan: Socially acceptable trajectories with generative adversarial networks},
	author={Gupta, Agrim and Johnson, Justin and Fei-Fei, Li and Savarese, Silvio and Alahi, Alexandre},
	booktitle={Proceedings of the IEEE Conference on Computer Vision and Pattern Recognition},
	pages={2255--2264},
	year={2018}
}


@inproceedings{pfeiffer2018data,
	title={A data-driven model for interaction-aware pedestrian motion prediction in object cluttered environments},
	author={Pfeiffer, Mark and Paolo, Giuseppe and Sommer, Hannes and Nieto, Juan and Siegwart, Rol and Cadena, Cesar},
	booktitle={2018 IEEE International Conference on Robotics and Automation (ICRA)},
	pages={1--8},
	year={2018},
	organization={IEEE}
}

@inproceedings{sadeghian2019sophie,
	title={Sophie: An attentive gan for predicting paths compliant to social and physical constraints},
	author={Sadeghian, Amir and Kosaraju, Vineet and Sadeghian, Ali and Hirose, Noriaki and Rezatofighi, Hamid and Savarese, Silvio},
	booktitle={Proceedings of the IEEE Conference on Computer Vision and Pattern Recognition},
	pages={1349--1358},
	year={2019}
}

@article{manh2018scene,
	title={Scene-lstm: A model for human trajectory prediction},
	author={Manh, Huynh and Alaghband, Gita},
	journal={arXiv preprint arXiv:1808.04018},
	year={2018}
}

@inproceedings{nikhil2018convolutional,
	title={Convolutional neural network for trajectory prediction},
	author={Nikhil, Nishant and Tran Morris, Brendan},
	booktitle={Proceedings of the European Conference on Computer Vision (ECCV)},
	pages={0--0},
	year={2018}
}

@article{radwan2018multimodal,
	title={Multimodal interaction-aware motion prediction for autonomous street crossing},
	author={Radwan, Noha and Burgard, Wolfram and Valada, Abhinav},
	journal={The International Journal of Robotics Research},
	pages={0278364920961809},
	year={2018},
	publisher={SAGE Publications Sage UK: London, England}
}

@inproceedings{chandra2019traphic,
	title={Traphic: Trajectory prediction in dense and heterogeneous traffic using weighted interactions},
	author={Chandra, Rohan and Bhattacharya, Uttaran and Bera, Aniket and Manocha, Dinesh},
	booktitle={Proceedings of the IEEE Conference on Computer Vision and Pattern Recognition},
	pages={8483--8492},
	year={2019}
}

@inproceedings{luo2018fast,
	title={Fast and furious: Real time end-to-end 3d detection, tracking and motion forecasting with a single convolutional net},
	author={Luo, Wenjie and Yang, Bin and Urtasun, Raquel},
	booktitle={Proceedings of the IEEE conference on Computer Vision and Pattern Recognition},
	pages={3569--3577},
	year={2018}
}

@inproceedings{chen2016augmented,
	title={Augmented dictionary learning for motion prediction},
	author={Chen, Yu Fan and Liu, Miao and How, Jonathan P},
	booktitle={2016 IEEE International Conference on Robotics and Automation (ICRA)},
	pages={2527--2534},
	year={2016},
	organization={IEEE}
}

@article{brito2020social,
	title={Social-VRNN: One-Shot Multi-modal Trajectory Prediction for Interacting Pedestrians},
	author={Brito, Bruno and Zhu, Hai and Pan, Wei and Alonso-Mora, Javier},
	journal={arXiv preprint arXiv:2010.09056},
	year={2020}
}

@inproceedings{schneider2013pedestrian,
	title={Pedestrian path prediction with recursive bayesian filters: A comparative study},
	author={Schneider, Nicolas and Gavrila, Dariu M},
	booktitle={German Conference on Pattern Recognition},
	pages={174--183},
	year={2013},
	organization={Springer}
}


@inproceedings{xiong2019recurrent,
	title={Recurrent Neural Network Architectures for Vulnerable Road User Trajectory Prediction},
	author={Xiong, Hui and Flohr, Fabian B and Wang, Sijia and Wang, Baofeng and Wang, Jianqiang and Li, Keqiang},
	booktitle={2019 IEEE Intelligent Vehicles Symposium (IV)},
	pages={171--178},
	year={2019},
	organization={IEEE}
}

@inproceedings{rehder2018pedestrian,
	title={Pedestrian prediction by planning using deep neural networks},
	author={Rehder, Eike and Wirth, Florian and Lauer, Martin and Stiller, Christoph},
	booktitle={2018 IEEE International Conference on Robotics and Automation (ICRA)},
	pages={1--5},
	year={2018},
	organization={IEEE}
}

@article{uah2020d4,
	title={D4.4 Model for the prediction of VRUs intentions},
	author={UAH, Miguel {\'A}ngel Sotelo and Salinas, Carlota and UAH, Javier Alonso},
	year={2020}
}

@article{saleh2019contextual,
	title={Contextual recurrent predictive model for long-term intent prediction of vulnerable road users},
	author={Saleh, Khaled and Hossny, Mohammed and Nahavandi, Saeid},
	journal={IEEE Transactions on Intelligent Transportation Systems},
	year={2019},
	publisher={IEEE}
}

@article{gautam2020sdvtracker,
	title={SDVTracker: Real-Time Multi-Sensor Association and Tracking for Self-Driving Vehicles},
	author={Gautam, Shivam and Meyer, Gregory P and Vallespi-Gonzalez, Carlos and Becker, Brian C},
	journal={arXiv preprint arXiv:2003.04447},
	year={2020}
}


% Research proposal references
@inproceedings{lin2019tsm,
	title={Tsm: Temporal shift module for efficient video understanding},
	author={Lin, Ji and Gan, Chuang and Han, Song},
	booktitle={Proceedings of the IEEE International Conference on Computer Vision},
	pages={7083--7093},
	year={2019}
}


% Dataset Criteria

@inproceedings{torralba2011unbiased,
	title={Unbiased look at dataset bias},
	author={Torralba, Antonio and Efros, Alexei A},
	booktitle={CVPR 2011},
	pages={1521--1528},
	year={2011},
	organization={IEEE}
}

@article{mehrabi2019survey,
	title={A survey on bias and fairness in machine learning},
	author={Mehrabi, Ninareh and Morstatter, Fred and Saxena, Nripsuta and Lerman, Kristina and Galstyan, Aram},
	journal={arXiv preprint arXiv:1908.09635},
	year={2019}
}

@article{nordfjaern2010investigation,
	title={An investigation of driver attitudes and behaviour in rural and urban areas in Norway},
	author={Nordfj{\ae}rn, Trond and J{\o}rgensen, Stig Halvard and Rundmo, Torbj{\o}rn},
	journal={Safety science},
	volume={48},
	number={3},
	pages={348--356},
	year={2010},
	publisher={Elsevier}
}

@article{nordfjaern2014culture,
	title={Culture related to road traffic safety: a comparison of eight countries using two conceptualizations of culture},
	author={Nordfj{\ae}rn, Trond and {\c{S}}im{\c{s}}eko{\u{g}}lu, {\"O}zlem and Rundmo, Torbjorn},
	journal={Accident Analysis \& Prevention},
	volume={62},
	pages={319--328},
	year={2014},
	publisher={Elsevier}
}

@article{chen2007review,
	title={Review of low frame rate effects on human performance},
	author={Chen, Jessie YC and Thropp, Jennifer E},
	journal={IEEE Transactions on Systems, Man, and Cybernetics-Part A: Systems and Humans},
	volume={37},
	number={6},
	pages={1063--1076},
	year={2007},
	publisher={IEEE}
}

@inproceedings{godard2017unsupervised,
	title={Unsupervised monocular depth estimation with left-right consistency},
	author={Godard, Cl{\'e}ment and Mac Aodha, Oisin and Brostow, Gabriel J},
	booktitle={Proceedings of the IEEE Conference on Computer Vision and Pattern Recognition},
	pages={270--279},
	year={2017}
}

% Datasets

@inproceedings{zhang2017citypersons,
	title={Citypersons: A diverse dataset for pedestrian detection},
	author={Zhang, Shanshan and Benenson, Rodrigo and Schiele, Bernt},
	booktitle={Proceedings of the IEEE Conference on Computer Vision and Pattern Recognition},
	pages={3213--3221},
	year={2017}
}

@article{braun2018eurocity,
	title={The eurocity persons dataset: A novel benchmark for object detection},
	author={Braun, Markus and Krebs, Sebastian and Flohr, Fabian and Gavrila, Dariu M},
	journal={arXiv preprint arXiv:1805.07193},
	year={2018}
}

@inproceedings{braun2020ecp2,
	title={ECP2. 5D-Person localization in traffic scenes},
	author={Braun, Markus and Krebs, Sebastian and Gavrila, Dariu M},
	booktitle={2020 IEEE Intelligent Vehicles Symposium (IV)},
	pages={1694--1701},
	year={2020},
	organization={IEEE}
}

@inproceedings{li2016new,
	title={A new benchmark for vision-based cyclist detection},
	author={Li, Xiaofei and Flohr, Fabian and Yang, Yue and Xiong, Hui and Braun, Markus and Pan, Shuyue and Li, Keqiang and Gavrila, Dariu M},
	booktitle={2016 IEEE Intelligent Vehicles Symposium (IV)},
	pages={1028--1033},
	year={2016},
	organization={IEEE}
}

@inproceedings{yu2020bdd100k,
	title={BDD100K: A diverse driving dataset for heterogeneous multitask learning},
	author={Yu, Fisher and Chen, Haofeng and Wang, Xin and Xian, Wenqi and Chen, Yingying and Liu, Fangchen and Madhavan, Vashisht and Darrell, Trevor},
	booktitle={Proceedings of the IEEE/CVF Conference on Computer Vision and Pattern Recognition},
	pages={2636--2645},
	year={2020}
}

@inproceedings{geiger2012we,
	title={Are we ready for autonomous driving? the kitti vision benchmark suite},
	author={Geiger, Andreas and Lenz, Philip and Urtasun, Raquel},
	booktitle={2012 IEEE Conference on Computer Vision and Pattern Recognition},
	pages={3354--3361},
	year={2012},
	organization={IEEE}
}

@inproceedings{neuhold2017mapillary,
	title={The mapillary vistas dataset for semantic understanding of street scenes},
	author={Neuhold, Gerhard and Ollmann, Tobias and Rota Bulo, Samuel and Kontschieder, Peter},
	booktitle={Proceedings of the IEEE International Conference on Computer Vision},
	pages={4990--4999},
	year={2017}
}

@article{huang2019apolloscape,
	title={The apolloscape open dataset for autonomous driving and its application},
	author={Huang, Xinyu and Wang, Peng and Cheng, Xinjing and Zhou, Dingfu and Geng, Qichuan and Yang, Ruigang},
	journal={IEEE transactions on pattern analysis and machine intelligence},
	volume={42},
	number={10},
	pages={2702--2719},
	year={2019},
	publisher={IEEE}
}

@inproceedings{chang2019argoverse,
	title={Argoverse: 3d tracking and forecasting with rich maps},
	author={Chang, Ming-Fang and Lambert, John and Sangkloy, Patsorn and Singh, Jagjeet and Bak, Slawomir and Hartnett, Andrew and Wang, De and Carr, Peter and Lucey, Simon and Ramanan, Deva and others},
	booktitle={Proceedings of the IEEE Conference on Computer Vision and Pattern Recognition},
	pages={8748--8757},
	year={2019}
}

@inproceedings{sun2020scalability,
	title={Scalability in perception for autonomous driving: Waymo open dataset},
	author={Sun, Pei and Kretzschmar, Henrik and Dotiwalla, Xerxes and Chouard, Aurelien and Patnaik, Vijaysai and Tsui, Paul and Guo, James and Zhou, Yin and Chai, Yuning and Caine, Benjamin and others},
	booktitle={Proceedings of the IEEE/CVF Conference on Computer Vision and Pattern Recognition},
	pages={2446--2454},
	year={2020}
}

@article{liu2020spatiotemporal,
	title={Spatiotemporal relationship reasoning for pedestrian intent prediction},
	author={Liu, Bingbin and Adeli, Ehsan and Cao, Zhangjie and Lee, Kuan-Hui and Shenoi, Abhijeet and Gaidon, Adrien and Niebles, Juan Carlos},
	journal={IEEE Robotics and Automation Letters},
	volume={5},
	number={2},
	pages={3485--3492},
	year={2020},
	publisher={IEEE}
}

@inproceedings{caesar2020nuscenes,
	title={nuscenes: A multimodal dataset for autonomous driving},
	author={Caesar, Holger and Bankiti, Varun and Lang, Alex H and Vora, Sourabh and Liong, Venice Erin and Xu, Qiang and Krishnan, Anush and Pan, Yu and Baldan, Giancarlo and Beijbom, Oscar},
	booktitle={Proceedings of the IEEE/CVF conference on computer vision and pattern recognition},
	pages={11621--11631},
	year={2020}
}

@inproceedings{yang2018pixor,
	title={Pixor: Real-time 3d object detection from point clouds},
	author={Yang, Bin and Luo, Wenjie and Urtasun, Raquel},
	booktitle={Proceedings of the IEEE conference on Computer Vision and Pattern Recognition},
	pages={7652--7660},
	year={2018}
}

@article{geiger2013vision,
	title={Vision meets robotics: The kitti dataset},
	author={Geiger, Andreas and Lenz, Philip and Stiller, Christoph and Urtasun, Raquel},
	journal={The International Journal of Robotics Research},
	volume={32},
	number={11},
	pages={1231--1237},
	year={2013},
	publisher={Sage Publications Sage UK: London, England}
}

@inproceedings{meyer2019lasernet,
	title={Lasernet: An efficient probabilistic 3d object detector for autonomous driving},
	author={Meyer, Gregory P and Laddha, Ankit and Kee, Eric and Vallespi-Gonzalez, Carlos and Wellington, Carl K},
	booktitle={Proceedings of the IEEE/CVF Conference on Computer Vision and Pattern Recognition},
	pages={12677--12686},
	year={2019}
}

@inproceedings{cordts2016cityscapes,
	title={The cityscapes dataset for semantic urban scene understanding},
	author={Cordts, Marius and Omran, Mohamed and Ramos, Sebastian and Rehfeld, Timo and Enzweiler, Markus and Benenson, Rodrigo and Franke, Uwe and Roth, Stefan and Schiele, Bernt},
	booktitle={Proceedings of the IEEE conference on computer vision and pattern recognition},
	pages={3213--3223},
	year={2016}
}


@article{robotcardatasetijrr,
	Author = {Will Maddern and Geoff Pascoe and Chris Linegar and Paul Newman},
	Title = {{1 Year, 1000km: The Oxford RobotCar Dataset}},
	Journal = {The International Journal of Robotics Research (IJRR)},
	Volume = {36},
	Number = {1},
	Pages = {3-15},
	Year = {2017},
	doi = {10.1177/0278364916679498},
	URL =
	{http://dx.doi.org/10.1177/0278364916679498},
	eprint =
	{http://ijr.sagepub.com/content/early/2016/11/28/0278364916679498.full.pdf+html},
	Pdf = {http://robotcar-dataset.robots.ox.ac.uk/images/robotcar_ijrr.pdf}} 


% Dataset to OGM conversion (and prediction)

% itkina2019dynamic

@inproceedings{roddick2020predicting,
	title={Predicting semantic map representations from images using pyramid occupancy networks},
	author={Roddick, Thomas and Cipolla, Roberto},
	booktitle={Proceedings of the IEEE/CVF Conference on Computer Vision and Pattern Recognition},
	pages={11138--11147},
	year={2020}
}

@article{hehn2021fast,
	title={Fast and Compact Image Segmentation using Instance Stixels},
	author={Hehn, Thomas and Kooij, Julian FP and Gavrila, Dariu M},
	journal={IEEE Transactions on Intelligent Vehicles},
	year={2021},
	publisher={IEEE}
}

@inproceedings{loukkal2021driving,
	title={Driving among Flatmobiles: Bird-Eye-View occupancy grids from a monocular camera for holistic trajectory planning},
	author={Loukkal, Abdelhak and Grandvalet, Yves and Drummond, Tom and Li, You},
	booktitle={Proceedings of the IEEE/CVF Winter Conference on Applications of Computer Vision},
	pages={51--60},
	year={2021}
}

@inproceedings{wang2020l2r,
	title={L2R GAN: LiDAR-to-Radar Translation},
	author={Wang, Leichen and Goldluecke, Bastian and Anklam, Carsten},
	booktitle={Proceedings of the Asian Conference on Computer Vision},
	year={2020}
}

% OGM

@inproceedings{moravec1985high,
	title={High resolution maps from wide angle sonar},
	author={Moravec, Hans and Elfes, Alberto},
	booktitle={Proceedings. 1985 IEEE international conference on robotics and automation},
	volume={2},
	pages={116--121},
	year={1985},
	organization={IEEE}
}

@article{elfes1989using,
	title={Using occupancy grids for mobile robot perception and navigation},
	author={Elfes, Alberto},
	journal={Computer},
	volume={22},
	number={6},
	pages={46--57},
	year={1989},
	publisher={IEEE}
}

@inproceedings{elfes1990occupancy,
	title={Occupancy grids: A stochastic spatial representation for active robot perception},
	author={Elfes, Alberto and others},
	booktitle={Proceedings of the Sixth Conference on Uncertainty in AI},
	volume={2929},
	pages={6},
	year={1990},
	organization={Morgan Kaufmann}
}

@article{thrun2003learning,
	title={Learning occupancy grid maps with forward sensor models},
	author={Thrun, Sebastian},
	journal={Autonomous robots},
	volume={15},
	number={2},
	pages={111--127},
	year={2003},
	publisher={Springer}
}

@inproceedings{carvalho2013comparative,
	title={Comparative evaluation of occupancy grid mapping methods using sonar sensors},
	author={Carvalho, Joao and Ventura, Rodrigo},
	booktitle={Iberian Conference on Pattern Recognition and Image Analysis},
	pages={889--896},
	year={2013},
	organization={Springer}
}

@misc{youtube2020ogm,
	title = {MSR Course - 03 Occupancy Grid Mapping with Known Poses (Chebrolu)},
	year = {2020},
	organization = {Mobile Sensing and Robotics / PhoRS Course at Bonn University},
	author = {Nived Chebrolu and Cyrill Stachniss},
	howpublished = {\url{https://youtu.be/x_Ah685BFEQ?t=3204}},
}

@misc{UoP2021,
	author = "{University of Pennsylvania}",
	year = {2021},
	title = {Robotics: Estimation and Learning. 3.2.1. Occupancy Grid Map.},
	howpublished = {\url{https://www.coursera.org/lecture/robotics-learning/3-2-1-occupancy-grid-map-0QuFW?redirectTo=%2Flearn%2Frobotics-learning%3Faction%3Denroll}},
	urldate = {2021-03-01} %date of last access
	organization={Coursera}
}

@article{dempster1967upper,
	title={Upper and Lower Probabilities Induced by a Multivalued Mapping. Annals of Mathematical Statistics. Vol. 38. P. 325-339},
	author={Dempster, AP},
	year={1967}
}

@book{shafer1976mathematical,
	title={A mathematical theory of evidence},
	author={Shafer, Glenn},
	volume={42},
	year={1976},
	publisher={Princeton university press}
}

@book{liu2001propositional,
	title={Propositional, Probabilistic and Evidential Reasoning: Integrating numerical and symbolic approaches},
	author={Liu, Weiru},
	volume={77},
	year={2001},
	publisher={Springer Science \& Business Media}
}

@article{shafer1992dempster,
	title={Dempster-shafer theory},
	author={Shafer, Glenn},
	journal={Encyclopedia of artificial intelligence},
	volume={1},
	pages={330--331},
	year={1992}
}

@inproceedings{thrun1993exploration,
	title={Exploration and model building in mobile robot domains},
	author={Thrun, Sebastian B},
	booktitle={IEEE international conference on neural networks},
	pages={175--180},
	year={1993},
	organization={IEEE}
}

@inproceedings{dhiman2014modern,
	title={Modern MAP inference methods for accurate and fast occupancy grid mapping on higher order factor graphs},
	author={Dhiman, Vikas and Kundu, Abhijit and Dellaert, Frank and Corso, Jason J},
	booktitle={2014 IEEE International Conference on Robotics and Automation (ICRA)},
	pages={2037--2044},
	year={2014},
	organization={IEEE}
}

@article{ribo2001comparison,
	title={A comparison of three uncertainty calculi for building sonar-based occupancy grids},
	author={Ribo, Miguel and Pinz, Axel},
	journal={Robotics and autonomous systems},
	volume={35},
	number={3-4},
	pages={201--209},
	year={2001},
	publisher={Elsevier}
}

@article{oriolo1997fuzzy,
	title={Fuzzy maps: a new tool for mobile robot perception and planning},
	author={Oriolo, Giuseppe and Ulivi, Giovanni and Vendittelli, Marilena},
	journal={Journal of Robotic Systems},
	volume={14},
	number={3},
	pages={179--197},
	year={1997},
	publisher={Wiley Online Library}
}

@inproceedings{collins2007occupancy,
	title={Occupancy grid mapping: An empirical evaluation},
	author={Collins, Thomas and Collins, JJ},
	booktitle={2007 mediterranean conference on control \& automation},
	pages={1--6},
	year={2007},
	organization={IEEE}
}

@inproceedings{moras2014evidential,
	title={Evidential grids information management in dynamic environments},
	author={Moras, Julien and Cherfaoui, V{\'e}ronique and Bonnifait, Philippe},
	booktitle={17th International Conference on Information Fusion (FUSION)},
	pages={1--7},
	year={2014},
	organization={IEEE}
}

@article{danescu2011modeling,
	title={Modeling and tracking the driving environment with a particle-based occupancy grid},
	author={Danescu, Radu and Oniga, Florin and Nedevschi, Sergiu},
	journal={IEEE Transactions on Intelligent Transportation Systems},
	volume={12},
	number={4},
	pages={1331--1342},
	year={2011},
	publisher={IEEE}
}

@article{van2021simulation,
	title={A Simulation-based End-to-End Learning Framework for Evidential Occupancy Grid Mapping},
	author={van Kempen, Raphael and Lampe, Bastian and Woopen, Timo and Eckstein, Lutz},
	journal={arXiv preprint arXiv:2102.12718},
	year={2021}
}

%% OGM forms

@inproceedings{degerman20163d,
	title={3D occupancy grid mapping using statistical radar models},
	author={Degerman, Johan and Pernst{\aa}l, Thomas and Alenljung, Klas},
	booktitle={2016 IEEE Intelligent Vehicles Symposium (IV)},
	pages={902--908},
	year={2016},
	organization={IEEE}
}

@article{lu2019monocular,
	title={Monocular semantic occupancy grid mapping with convolutional variational encoder--decoder networks},
	author={Lu, Chenyang and van de Molengraft, Marinus Jacobus Gerardus and Dubbelman, Gijs},
	journal={IEEE Robotics and Automation Letters},
	volume={4},
	number={2},
	pages={445--452},
	year={2019},
	publisher={IEEE}
}

@inproceedings{baumann2018predicting,
	title={Predicting ego-vehicle paths from environmental observations with a deep neural network},
	author={Baumann, Ulrich and Guiser, Claudius and Herman, Michael and Zollner, J Marius},
	booktitle={2018 IEEE International Conference on Robotics and Automation (ICRA)},
	pages={4709--4716},
	year={2018},
	organization={IEEE}
}

@inproceedings{jeon2018traffic,
	title={Traffic scene prediction via deep learning: Introduction of multi-channel occupancy grid map as a scene representation},
	author={Jeon, Hyeong-Seok and Kum, Dong-Suk and Jeong, Woo-Yeol},
	booktitle={2018 IEEE Intelligent Vehicles Symposium (IV)},
	pages={1496--1501},
	year={2018},
	organization={IEEE}
}

@article{lange2020attention,
	title={Attention Augmented ConvLSTM forEnvironment Prediction},
	author={Lange, Bernard and Itkina, Masha and Kochenderfer, Mykel J},
	journal={arXiv preprint arXiv:2010.09662},
	year={2020}
}

@inproceedings{itkina2019dynamic,
	title={Dynamic environment prediction in urban scenes using recurrent representation learning},
	author={Itkina, Masha and Driggs-Campbell, Katherine and Kochenderfer, Mykel J},
	booktitle={2019 IEEE Intelligent Transportation Systems Conference (ITSC)},
	pages={2052--2059},
	year={2019},
	organization={IEEE}
}

@article{lotter2016deep,
	title={Deep predictive coding networks for video prediction and unsupervised learning},
	author={Lotter, William and Kreiman, Gabriel and Cox, David},
	journal={arXiv preprint arXiv:1605.08104},
	year={2016}
}

@inproceedings{nuss2014fusion,
	title={Fusion of laser and monocular camera data in object grid maps for vehicle environment perception},
	author={Nuss, Dominik and Thom, Markus and Danzer, Andreas and Dietmayer, Klaus},
	booktitle={17th International Conference on Information Fusion (FUSION)},
	pages={1--8},
	year={2014},
	organization={IEEE}
}

@article{dempster1968generalization,
	title={A generalization of Bayesian inference},
	author={Dempster, Arthur P},
	journal={Journal of the Royal Statistical Society: Series B (Methodological)},
	volume={30},
	number={2},
	pages={205--232},
	year={1968},
	publisher={Wiley Online Library}
}

@article{toyungyernsub2020double,
	title={Double-Prong ConvLSTM for Spatiotemporal Occupancy Prediction in Dynamic Environments},
	author={Toyungyernsub, Maneekwan and Itkina, Masha and Senanayake, Ransalu and Kochenderfer, Mykel J},
	journal={arXiv preprint arXiv:2011.09045},
	year={2020}
}

@article{geiger2013vision,
	title={Vision meets robotics: The kitti dataset},
	author={Geiger, Andreas and Lenz, Philip and Stiller, Christoph and Urtasun, Raquel},
	journal={The International Journal of Robotics Research},
	volume={32},
	number={11},
	pages={1231--1237},
	year={2013},
	publisher={Sage Publications Sage UK: London, England}
}

@inproceedings{sun2020scalability,
	title={Scalability in perception for autonomous driving: Waymo open dataset},
	author={Sun, Pei and Kretzschmar, Henrik and Dotiwalla, Xerxes and Chouard, Aurelien and Patnaik, Vijaysai and Tsui, Paul and Guo, James and Zhou, Yin and Chai, Yuning and Caine, Benjamin and others},
	booktitle={Proceedings of the IEEE/CVF Conference on Computer Vision and Pattern Recognition},
	pages={2446--2454},
	year={2020}
}

@inproceedings{mohajerin2019multi,
	title={Multi-step prediction of occupancy grid maps with recurrent neural networks},
	author={Mohajerin, Nima and Rohani, Mohsen},
	booktitle={Proceedings of the IEEE/CVF Conference on Computer Vision and Pattern Recognition},
	pages={10600--10608},
	year={2019}
}

@article{dequaire2018deep,
	title={Deep tracking in the wild: End-to-end tracking using recurrent neural networks},
	author={Dequaire, Julie and Ondr{\'u}{\v{s}}ka, Peter and Rao, Dushyant and Wang, Dominic and Posner, Ingmar},
	journal={The International Journal of Robotics Research},
	volume={37},
	number={4-5},
	pages={492--512},
	year={2018},
	publisher={SAGE Publications Sage UK: London, England}
}

@inproceedings{hoermann2018dynamic,
	title={Dynamic occupancy grid prediction for urban autonomous driving: A deep learning approach with fully automatic labeling},
	author={Hoermann, Stefan and Bach, Martin and Dietmayer, Klaus},
	booktitle={2018 IEEE International Conference on Robotics and Automation (ICRA)},
	pages={2056--2063},
	year={2018},
	organization={IEEE}
}

@inproceedings{schreiber2019long,
	title={Long-term occupancy grid prediction using recurrent neural networks},
	author={Schreiber, Marcel and Hoermann, Stefan and Dietmayer, Klaus},
	booktitle={2019 International Conference on Robotics and Automation (ICRA)},
	pages={9299--9305},
	year={2019},
	organization={IEEE}
}

@inproceedings{wu2020motionnet,
	title={MotionNet: Joint Perception and Motion Prediction for Autonomous Driving Based on Bird's Eye View Maps},
	author={Wu, Pengxiang and Chen, Siheng and Metaxas, Dimitris N},
	booktitle={Proceedings of the IEEE/CVF Conference on Computer Vision and Pattern Recognition},
	pages={11385--11395},
	year={2020}
}

@inproceedings{cordts2016cityscapes,
	title={The cityscapes dataset for semantic urban scene understanding},
	author={Cordts, Marius and Omran, Mohamed and Ramos, Sebastian and Rehfeld, Timo and Enzweiler, Markus and Benenson, Rodrigo and Franke, Uwe and Roth, Stefan and Schiele, Bernt},
	booktitle={Proceedings of the IEEE conference on computer vision and pattern recognition},
	pages={3213--3223},
	year={2016}
}

% Metric criteria

@inproceedings{annell2016probabilistic,
	title={Probabilistic collision estimation system for autonomous vehicles},
	author={Annell, Stefan and Gratner, Alexander and Svensson, Lars},
	booktitle={2016 IEEE 19th International Conference on Intelligent Transportation Systems (ITSC)},
	pages={473--478},
	year={2016},
	organization={IEEE}
}

@article{wang2019crash,
	title={Crash mitigation in motion planning for autonomous vehicles},
	author={Wang, Hong and Huang, Yanjun and Khajepour, Amir and Zhang, Yubiao and Rasekhipour, Yadollah and Cao, Dongpu},
	journal={IEEE transactions on intelligent transportation systems},
	volume={20},
	number={9},
	pages={3313--3323},
	year={2019},
	publisher={IEEE}
}


% METRIC

@article{birk2006merging,
	title={Merging occupancy grid maps from multiple robots},
	author={Birk, Andreas and Carpin, Stefano},
	journal={Proceedings of the IEEE},
	volume={94},
	number={7},
	pages={1384--1397},
	year={2006},
	publisher={IEEE}
}

@article{wang2004image,
	title={Image quality assessment: from error visibility to structural similarity},
	author={Wang, Zhou and Bovik, Alan C and Sheikh, Hamid R and Simoncelli, Eero P},
	journal={IEEE transactions on image processing},
	volume={13},
	number={4},
	pages={600--612},
	year={2004},
	publisher={IEEE}
}

@article{wang2009mean,
	title={Mean squared error: Love it or leave it? A new look at signal fidelity measures},
	author={Wang, Zhou and Bovik, Alan C},
	journal={IEEE signal processing magazine},
	volume={26},
	number={1},
	pages={98--117},
	year={2009},
	publisher={IEEE}
}

@article{birk1996learning,
	title={Learning geometric concepts with an evolutionary algorithm},
	author={Birk, Andreas},
	journal={environment},
	volume={4},
	pages={3},
	year={1996}
}


% Sequential Networks
@inproceedings{albawi2017understanding,
	title={Understanding of a convolutional neural network},
	author={Albawi, Saad and Mohammed, Tareq Abed and Al-Zawi, Saad},
	booktitle={2017 International Conference on Engineering and Technology (ICET)},
	pages={1--6},
	year={2017},
	organization={Ieee}
}

@article{cho2014learning,
	title={Learning phrase representations using RNN encoder-decoder for statistical machine translation},
	author={Cho, Kyunghyun and Van Merri{\"e}nboer, Bart and Gulcehre, Caglar and Bahdanau, Dzmitry and Bougares, Fethi and Schwenk, Holger and Bengio, Yoshua},
	journal={arXiv preprint arXiv:1406.1078},
	year={2014}
}

@article{cho2014properties,
	title={On the properties of neural machine translation: Encoder-decoder approaches},
	author={Cho, Kyunghyun and Van Merri{\"e}nboer, Bart and Bahdanau, Dzmitry and Bengio, Yoshua},
	journal={arXiv preprint arXiv:1409.1259},
	year={2014}
}

@article{hochreiter1997long,
	title={Long short-term memory},
	author={Hochreiter, Sepp and Schmidhuber, J{\"u}rgen},
	journal={Neural computation},
	volume={9},
	number={8},
	pages={1735--1780},
	year={1997},
	publisher={MIT Press}
}

@inproceedings{lea2017temporal,
	title={Temporal convolutional networks for action segmentation and detection},
	author={Lea, Colin and Flynn, Michael D and Vidal, Rene and Reiter, Austin and Hager, Gregory D},
	booktitle={proceedings of the IEEE Conference on Computer Vision and Pattern Recognition},
	pages={156--165},
	year={2017}
}

@inproceedings{ronneberger2015u,
	title={U-net: Convolutional networks for biomedical image segmentation},
	author={Ronneberger, Olaf and Fischer, Philipp and Brox, Thomas},
	booktitle={International Conference on Medical image computing and computer-assisted intervention},
	pages={234--241},
	year={2015},
	organization={Springer}
}

@inproceedings{lin2019tsm,
	title={Tsm: Temporal shift module for efficient video understanding},
	author={Lin, Ji and Gan, Chuang and Han, Song},
	booktitle={Proceedings of the IEEE/CVF International Conference on Computer Vision},
	pages={7083--7093},
	year={2019}
}

@article{vaswani2017attention,
	title={Attention is all you need},
	author={Vaswani, Ashish and Shazeer, Noam and Parmar, Niki and Uszkoreit, Jakob and Jones, Llion and Gomez, Aidan N and Kaiser, Lukasz and Polosukhin, Illia},
	journal={arXiv preprint arXiv:1706.03762},
	year={2017}
}

@article{shi2015convolutional,
	title={Convolutional LSTM network: A machine learning approach for precipitation nowcasting},
	author={Shi, Xingjian and Chen, Zhourong and Wang, Hao and Yeung, Dit-Yan and Wong, Wai-Kin and Woo, Wang-chun},
	journal={arXiv preprint arXiv:1506.04214},
	year={2015}
}

@inproceedings{bello2019attention,
	title={Attention augmented convolutional networks},
	author={Bello, Irwan and Zoph, Barret and Vaswani, Ashish and Shlens, Jonathon and Le, Quoc V},
	booktitle={Proceedings of the IEEE/CVF International Conference on Computer Vision},
	pages={3286--3295},
	year={2019}
}


% Methods Chapter

@inproceedings{xu2015show,
	title={Show, attend and tell: Neural image caption generation with visual attention},
	author={Xu, Kelvin and Ba, Jimmy and Kiros, Ryan and Cho, Kyunghyun and Courville, Aaron and Salakhudinov, Ruslan and Zemel, Rich and Bengio, Yoshua},
	booktitle={International conference on machine learning},
	pages={2048--2057},
	year={2015},
	organization={PMLR}
}

@inproceedings{noh2015learning,
	title={Learning deconvolution network for semantic segmentation},
	author={Noh, Hyeonwoo and Hong, Seunghoon and Han, Bohyung},
	booktitle={Proceedings of the IEEE international conference on computer vision},
	pages={1520--1528},
	year={2015}
}

@inproceedings{ondruska2016deep,
	title={Deep tracking: Seeing beyond seeing using recurrent neural networks},
	author={Ondruska, Peter and Posner, Ingmar},
	booktitle={Proceedings of the AAAI Conference on Artificial Intelligence},
	volume={30},
	number={1},
	year={2016}
}